<record><leader>00000cas a22000007a 4500</leader><controlfield tag="001">1770222</controlfield><controlfield tag="008">751101d18591861mnuwr ne      0    0eng d</controlfield><datafield ind1=" " ind2=" " tag="010"><subfield code="a">sn 84031696 </subfield></datafield><datafield ind1=" " ind2=" " tag="040"><subfield code="a">MUL</subfield><subfield code="b">eng</subfield><subfield code="c">MUL</subfield><subfield code="d">NYG</subfield><subfield code="d">MN#</subfield><subfield code="d">OCL</subfield><subfield code="d">OCLCF</subfield><subfield code="d">OCLCO</subfield></datafield><datafield ind1="1" ind2=" " tag="029"><subfield code="a">AU@</subfield><subfield code="b">000020232525</subfield></datafield><datafield ind1=" " ind2=" " tag="042"><subfield code="a">msc</subfield></datafield><datafield ind1=" " ind2=" " tag="043"><subfield code="a">n-us-mn</subfield></datafield><datafield ind1=" " ind2=" " tag="052"><subfield code="a">4144</subfield><subfield code="b">M65</subfield></datafield><datafield ind1=" " ind2=" " tag="052"><subfield code="a">4143</subfield><subfield code="b">W9</subfield></datafield><datafield ind1="0" ind2="0" tag="245"><subfield code="a">Wright County Republican.</subfield></datafield><datafield ind1="0" ind2="0" tag="246"><subfield code="a">Semi-weekly Republican</subfield></datafield><datafield ind1="1" ind2="3" tag="246"><subfield code="a">Republican</subfield></datafield><datafield ind1="0" ind2="0" tag="246"><subfield code="a">Wright Co. Republican</subfield></datafield><datafield ind1="0" ind2="0" tag="246"><subfield code="a">Wright County weekly Republican</subfield></datafield><datafield ind1=" " ind2=" " tag="260"><subfield code="a">Monticello, Wright County, Minn. :</subfield><subfield code="b">George Gray,</subfield><subfield code="c">1859-1861.</subfield></datafield><datafield ind1=" " ind2=" " tag="300"><subfield code="a">3 v.</subfield></datafield><datafield ind1=" " ind2=" " tag="310"><subfield code="a">Weekly</subfield></datafield><datafield ind1="0" ind2=" " tag="362"><subfield code="a">Vol. 1, no. 1 (June 30, 1859)-v. 3, no. 18 (Nov. 23, 1861).</subfield></datafield><datafield ind1=" " ind2=" " tag="500"><subfield code="a">Published as: Wright Co. Republican, &lt;Apr. 21, 1860-June 30, 1860&gt; and &lt;Oct. 5, 1861&gt;; Semi-weekly Republican, &lt;May 30, 1861&gt;; The Wright County weekly Republican, &lt;June 8, 1861&gt;-Aug. 3, 1861.</subfield></datafield><datafield ind1=" " ind2=" " tag="530"><subfield code="a">Available on microfilm from the Minnesota Historical Society.</subfield></datafield><datafield ind1=" " ind2="0" tag="651"><subfield code="a">Wright County (Minn.)</subfield><subfield code="v">Newspapers.</subfield></datafield><datafield ind1=" " ind2="7" tag="655"><subfield code="a">Newspapers.</subfield><subfield code="2">fast</subfield><subfield code="0">(OCoLC)fst01423814</subfield></datafield><datafield ind1=" " ind2="7" tag="651"><subfield code="a">Minnesota</subfield><subfield code="z">Wright County.</subfield><subfield code="2">fast</subfield><subfield code="0">(OCoLC)fst01215045</subfield></datafield><datafield ind1=" " ind2=" " tag="752"><subfield code="a">United States</subfield><subfield code="b">Minnesota</subfield><subfield code="c">Wright</subfield><subfield code="d">Monticello.</subfield></datafield><datafield ind1="0" ind2="0" tag="785"><subfield code="t">North western-weekly union</subfield><subfield code="w">(DLC)sn 90057590</subfield></datafield></record>